<record><leader>00000cas a2200000 a 4500</leader><controlfield tag="001">21977920</controlfield><controlfield tag="008">900707d18941976gauwr ne      0    0eng c</controlfield><datafield ind1=" " ind2=" " tag="010"><subfield code="a">sn 90052263 </subfield></datafield><datafield ind1=" " ind2=" " tag="040"><subfield code="a">NLG</subfield><subfield code="b">eng</subfield><subfield code="c">NLG</subfield><subfield code="d">GUA</subfield><subfield code="d">OCLCQ</subfield><subfield code="d">OCLCF</subfield><subfield code="d">OCLCO</subfield></datafield><datafield ind1="1" ind2=" " tag="029"><subfield code="a">AU@</subfield><subfield code="b">000020661825</subfield></datafield><datafield ind1=" " ind2=" " tag="042"><subfield code="a">pcc</subfield></datafield><datafield ind1=" " ind2=" " tag="043"><subfield code="a">n-us-ga</subfield></datafield><datafield ind1="0" ind2=" " tag="130"><subfield code="a">Calhoun times (Calhoun, Ga. : 1894)</subfield></datafield><datafield ind1="1" ind2="0" tag="245"><subfield code="a">Calhoun times.</subfield></datafield><datafield ind1=" " ind2=" " tag="260"><subfield code="a">Calhoun, Ga. :</subfield><subfield code="b">W.R. Rankin, Jr.,</subfield><subfield code="c">[1894-1976]</subfield></datafield><datafield ind1=" " ind2=" " tag="300"><subfield code="a">v.</subfield></datafield><datafield ind1=" " ind2=" " tag="310"><subfield code="a">Weekly</subfield></datafield><datafield ind1="0" ind2=" " tag="362"><subfield code="a">Vol. 1, no. 1 (May 16, 1894)-v. 107, no. 11 (Oct. 27, 1976).</subfield></datafield><datafield ind1=" " ind2=" " tag="515"><subfield code="a">Numbering was dropped Apr. 2, 1896. Numbering resumed with Vol. 54, no. 48 (1924).</subfield></datafield><datafield ind1=" " ind2=" " tag="530"><subfield code="a">Also on microfilm: Athens, Ga. : University of Georgia Libraries.</subfield></datafield><datafield ind1=" " ind2=" " tag="580"><subfield code="a">Merged with: The Gordon County news, to form: Calhoun times and Gordon County news.</subfield></datafield><datafield ind1=" " ind2="0" tag="651"><subfield code="a">Gordon County (Ga.)</subfield><subfield code="v">Newspapers.</subfield></datafield><datafield ind1=" " ind2="7" tag="655"><subfield code="a">Newspapers.</subfield><subfield code="2">fast</subfield><subfield code="0">(OCoLC)fst01423814</subfield></datafield><datafield ind1=" " ind2="7" tag="651"><subfield code="a">Georgia</subfield><subfield code="z">Gordon County.</subfield><subfield code="2">fast</subfield><subfield code="0">(OCoLC)fst01211769</subfield></datafield><datafield ind1=" " ind2=" " tag="752"><subfield code="a">United States</subfield><subfield code="b">Georgia</subfield><subfield code="c">Gordon</subfield><subfield code="d">Calhoun.</subfield></datafield><datafield ind1="0" ind2="5" tag="780"><subfield code="t">Gordon citizen</subfield><subfield code="w">(DLC)sn 89053997</subfield><subfield code="w">(OCoLC)21977915</subfield></datafield><datafield ind1="1" ind2="7" tag="785"><subfield code="t">Gordon County news</subfield><subfield code="w">(DLC)sn 89053995</subfield><subfield code="w">(OCoLC)21977926</subfield></datafield><datafield ind1="1" ind2="7" tag="785"><subfield code="t">Calhoun times and Gordon County news</subfield><subfield code="w">(DLC)sn 89053996</subfield><subfield code="w">(OCoLC)21977931</subfield></datafield></record>